@article{einstein1935particle,
  title={The particle problem in the general theory of relativity},
  author={Einstein, Albert and Rosen, Nathan},
  journal={Physical Review},
  volume={48},
  number={1},
  pages={73},
  year={1935},
  publisher={APS}
}
